<?xml version="1.0" encoding="utf-8"?>
<record xmlns="http://www.loc.gov/MARC21/slim" xmlns:xsi="http://www.w3.org/2001/XMLSchema-instance" xsi:schemaLocation="http://www.loc.gov/MARC21/slim http://www.loc.gov/standards/marcxml/schema/MARC21slim.xsd">
	<leader>     nam a22     Mi 4500</leader>
	<controlfield tag="001">b13962164</controlfield>
	<controlfield tag="003">UaCaAUL</controlfield>
	<controlfield tag="006">m        d        </controlfield>
	<controlfield tag="007">cr cn |||m|||a</controlfield>
	<controlfield tag="008">191028m19069999ua      o     000 0 ara d</controlfield>
	<datafield ind1=" " ind2=" " tag="040">
		<subfield code="a">ZYU</subfield>
		<subfield code="b">ara</subfield>
		<subfield code="e">rda</subfield>
		<subfield code="c">ZYU</subfield>
	</datafield>
	<datafield ind1=" " ind2=" " tag="043">
		<subfield code="a">ma-----</subfield>
	</datafield>
	<datafield ind1="0" ind2="0" tag="050">
		<subfield code="a">LC903</subfield>
		<subfield code="b">.H34 1906</subfield>
	</datafield>
	<datafield ind1="1" ind2=" " tag="100">
		<subfield code="6">880-01</subfield>
		<subfield code="a">Ḥalabī, Muḥammad Badr al-Dīn al-Naʻsānī,</subfield>
		<subfield code="e">author.</subfield>
	</datafield>
	<datafield ind1="1" ind2="0" tag="240">
		<subfield code="6">880-02</subfield>
		<subfield code="a">Taʻlīm wa-al-irshād</subfield>
	</datafield>
	<datafield ind1="1" ind2="0" tag="245">
		<subfield code="6">880-03</subfield>
		<subfield code="a">Kitāb al-taʻlīm wa-al-irshād /</subfield>
		<subfield code="c">taʼlīf al-sayyid Muḥammad Badr al-Dīn al-Ḥalabī.</subfield>
	</datafield>
	<datafield ind1="3" ind2=" " tag="246">
		<subfield code="6">880-04</subfield>
		<subfield code="a">Taʻlīm wa-al-irshād</subfield>
	</datafield>
	<datafield ind1=" " ind2=" " tag="250">
		<subfield code="6">880-05</subfield>
		<subfield code="a">al-Ṭabʻah al-ūlá.</subfield>
	</datafield>
	<datafield ind1=" " ind2="1" tag="264">
		<subfield code="6">880-06</subfield>
		<subfield code="a">Miṣr :</subfield>
		<subfield code="b">ṭubiʻa bi-Maṭbaʻat al-Saʻādah bi-jiwār dīwān muḥāfaẓat Miṣr, li-ṣāḥibhā Muḥammad Ismāʻīl,</subfield>
		<subfield code="c">1906-</subfield>
	</datafield>
	<datafield ind1=" " ind2=" " tag="300">
		<subfield code="a">online resource (volumes)</subfield>
	</datafield>
	<datafield ind1=" " ind2=" " tag="336">
		<subfield code="a">text</subfield>
		<subfield code="2">rdacontent</subfield>
	</datafield>
	<datafield ind1=" " ind2=" " tag="337">
		<subfield code="a">computer</subfield>
		<subfield code="2">rdamedia</subfield>
	</datafield>
	<datafield ind1=" " ind2=" " tag="338">
		<subfield code="a">online resource</subfield>
		<subfield code="2">rdacarrier</subfield>
	</datafield>
	<datafield ind1=" " ind2=" " tag="500">
		<subfield code="a">Library of Congress. Mansuri Book Collection, 5-529.</subfield>
		<subfield code="5">DLC</subfield>
	</datafield>
	<datafield ind1=" " ind2=" " tag="500">
		<subfield code="a">Part of the Arabic Collections Online (ACO) project, contributed by American University in Cairo Library.</subfield>
	</datafield>
	<datafield ind1=" " ind2=" " tag="533">
		<subfield code="a">Electronic reproduction.</subfield>
		<subfield code="b">New York, N.Y. :</subfield>
		<subfield code="c">New York University,</subfield>
		<subfield code="d">2019.</subfield>
		<subfield code="5">NNU</subfield>
	</datafield>
	<datafield ind1=" " ind2=" " tag="561">
		<subfield code="a">Purchase of Mahmud al-Mansuri collection, 1945.</subfield>
		<subfield code="5">DLC</subfield>
	</datafield>
	<datafield ind1=" " ind2=" " tag="500">
		<subfield code="a">Qism al-taʻlīm</subfield>
	</datafield>
	<datafield ind1=" " ind2=" " tag="520">
		<subfield code="6">880-08</subfield>
		<subfield code="a">al-Qism al-awwal minhu fī al-taʻlīm wa-fīhi al-kalām ʻalá al-ʻulūm wa-la-muʼallafāt wa-bayān al-jayyid minhā min ghayrahu wa-sharḥ asbāb inḥṭāṭ al-ʻulūm al-sharʻīyah wa-dhikr al-ṭuruq al-nāfiʻah fī al-taʻlīm,</subfield>
	</datafield>
	<datafield ind1=" " ind2=" " tag="500">
		<subfield code="a">Former owner's name at base of spine.</subfield>
	</datafield>
	<datafield ind1=" " ind2="0" tag="650">
		<subfield code="a">Islamic education.</subfield>
	</datafield>
	<datafield ind1=" " ind2="0" tag="650">
		<subfield code="a">Education, Higher</subfield>
		<subfield code="z">Arab countries.</subfield>
	</datafield>
	<datafield ind1=" " ind2="7" tag="650">
		<subfield code="a">Education, Higher.</subfield>
		<subfield code="2">fast</subfield>
		<subfield code="0">(OCoLC)fst00903005</subfield>
	</datafield>
	<datafield ind1=" " ind2="7" tag="650">
		<subfield code="a">Islamic education.</subfield>
		<subfield code="2">fast</subfield>
		<subfield code="0">(OCoLC)fst00979927</subfield>
	</datafield>
	<datafield ind1=" " ind2="7" tag="651">
		<subfield code="a">Arab countries.</subfield>
		<subfield code="2">fast</subfield>
		<subfield code="0">(OCoLC)fst01240128</subfield>
	</datafield>
	<datafield ind1="1" ind2=" " tag="700">
		<subfield code="6">880-09</subfield>
		<subfield code="a">Manṣūrī, Maḥmūd al-Imām,</subfield>
		<subfield code="e">former owner.</subfield>
		<subfield code="5">DLC</subfield>
	</datafield>
	<datafield ind1="2" ind2=" " tag="710">
		<subfield code="a">Mansuri Collection (Library of Congress)</subfield>
		<subfield code="5">DLC</subfield>
	</datafield>
	<datafield ind1="2" ind2=" " tag="710">
		<subfield code="a">American University in Cairo.</subfield>
		<subfield code="b">Library.</subfield>
	</datafield>
	<datafield ind1="0" ind2=" " tag="730">
		<subfield code="a">Arabic Collections Online.</subfield>
	</datafield>
	<datafield ind1="0" ind2="8" tag="776">
		<subfield code="i">Print version:</subfield>
		<subfield code="a">Ḥalabī, Muḥammad Badr al-Dīn al-Naʻsānī, author.</subfield>
		<subfield code="t">Kitāb al-taʻlīm wa-al-irshād</subfield>
		<subfield code="w">(UaCaAUL)b13962164</subfield>
		<subfield code="w">(DLC)  2018451660</subfield>
		<subfield code="w">(OCoLC)31529227</subfield>
	</datafield>
	<datafield ind1="4" ind2="0" tag="856">
		<subfield code="u">http://hdl.handle.net/2333.1/v6wwq7fr</subfield>
	</datafield>
	<datafield ind1="1" ind2=" " tag="880">
		<subfield code="6">100-01</subfield>
		<subfield code="a">حلبي، محمد بدر الدين النعساني،</subfield>
		<subfield code="e">author.</subfield>
	</datafield>
	<datafield ind1="1" ind2="0" tag="880">
		<subfield code="6">240-02</subfield>
		<subfield code="a">تعليم والارشاد</subfield>
	</datafield>
	<datafield ind1="1" ind2="0" tag="880">
		<subfield code="6">245-03</subfield>
		<subfield code="a">كتاب التعليم والارشاد /</subfield>
		<subfield code="c">تأليف السيد محمد بدر الدين الحلبي.</subfield>
	</datafield>
	<datafield ind1="3" ind2=" " tag="880">
		<subfield code="6">246-04</subfield>
		<subfield code="a">تعليم والارشاد</subfield>
	</datafield>
	<datafield ind1=" " ind2=" " tag="880">
		<subfield code="6">250-05</subfield>
		<subfield code="a">الطبعة الأولى.</subfield>
	</datafield>
	<datafield ind1=" " ind2="1" tag="880">
		<subfield code="6">264-06</subfield>
		<subfield code="a">مصر :</subfield>
		<subfield code="b">طبع بمطبعة السعادة بجوار ديوان محافظة مصر، لصاحبها محمد اسماعيل،</subfield>
		<subfield code="c">1906-</subfield>
	</datafield>
	<datafield ind1=" " ind2=" " tag="880">
		<subfield code="6">520-08</subfield>
		<subfield code="a">القسم الأول منه في التعليم وفيه الكلام على العلوم ولمؤلفات وبيان الجيد منها من غيره وشرح أسباب انحطاط العلوم الشرعية وذكر الطرق النافعة في التعليم،</subfield>
	</datafield>
	<datafield ind1=" " ind2=" " tag="880">
		<subfield code="6">500-00</subfield>
		<subfield code="a">حقوق الطبع محفوظة.</subfield>
	</datafield>
	<datafield ind1="1" ind2=" " tag="880">
		<subfield code="6">700-09</subfield>
		<subfield code="a">منصوري، محمود الامام.</subfield>
	</datafield>
	<datafield ind1=" " ind2=" " tag="959">
		<subfield code="a">NNU</subfield>
		<subfield code="b">WEB</subfield>
		<subfield code="c">GENI</subfield>
		<subfield code="t">0</subfield>
		<subfield code="m">Electronic access</subfield>
		<subfield code="s">01</subfield>
	</datafield>
	<datafield ind1=" " ind2=" " tag="999">
		<subfield code="i">UaCaAUL_b13962164</subfield>
		<subfield code="o">(OCoLC)ocm31529227</subfield>
		<subfield code="s">auc_aco000899:v.1</subfield>
		<subfield code="e">(ERROR-880)</subfield>
		<subfield code="s">auc_aco000899:v.1</subfield>
	</datafield>
</record>
